@book{intro:1,
  author="Andrew P. Paplinski",
  title="Project Intro",
  year="2018",
  pages=9,
  url="https://moodle.vle.monash.edu/mod/resource/view.php?id=4852552"
},

@misc{aws:2,
  author="AWS",
  year="2018",
  url="https://aws.amazon.com/lambda/",
},

@misc{aws:3,
  author="AWS",
  year="2018",
  url="https://aws.amazon.com/api-gateway/",
},

@misc{aws:4,
  author="AWS",
  year="2018",
  url="https://aws.amazon.com/s3/",
},

@misc{aws:5,
  author="AWS",
  year="2018",
  url="https://aws.amazon.com/cloudfront/",
},

@misc{aws:6,
  author="AWS",
  year="2018",
  url="https://aws.amazon.com/cloudformation/",
},

@misc{trci:7,
  author="Travis CI",
  year="2018",
  url="https://travis-ci.org/",
},

@misc{hav:8,
  author="Chris Veness",
  year="2017",
  url="https://www.movable-type.co.uk/scripts/latlong.html",
},

@misc{lane:9,
  author="Darren Cottingham",
  year="2018",
  url="https://www.driverknowledgetests.com/resources/road-widths/",
},

@misc{math:10,
  author="Doctor Rick",
  year="2003",
  url="http://mathforum.org/library/drmath/view/63767.html",
},

@misc{jest:11,
  author="Facebook",
  year="2018",
  url="https://facebook.github.io/jest/",
},

@misc{rtl:12,
  author="Kent C. Dobbs",
  year="2018",
  url="https://github.com/kentcdodds/react-testing-library",
},

@misc{go:13,
  author="Go",
  year="2018",
  url="https://golang.org/pkg/testing/",
},

@misc{osm:14,
  author="Open Steet Maps",
  year="2018",
  url="https://wiki.openstreetmap.org/wiki/Develop",
},

@misc{osm:15,
  author="Trello",
  year="2018",
  url="https://trello.com/b/fgAiXzRE",
}
