@book{intro:1,
  author="Andrew P. Paplinski",
  title="Project Intro",
  year="2018",
  pages=9,
  url="https://moodle.vle.monash.edu/mod/resource/view.php?id=4852552"
}
